<record><leader>00000cas a22000007a 4500</leader><controlfield tag="001">9545499</controlfield><controlfield tag="008">830525d18621874mauwr ne      0    0eng d</controlfield><datafield ind1=" " ind2=" " tag="010"><subfield code="a">sn 83020781 </subfield></datafield><datafield ind1=" " ind2=" " tag="040"><subfield code="a">NPX</subfield><subfield code="b">eng</subfield><subfield code="c">NPX</subfield><subfield code="d">NPU</subfield><subfield code="d">DLC</subfield><subfield code="d">MGN</subfield><subfield code="d">KRTAS</subfield><subfield code="d">HHG</subfield><subfield code="d">OCLCF</subfield><subfield code="d">OCLCO</subfield></datafield><datafield ind1="1" ind2=" " tag="029"><subfield code="a">AU@</subfield><subfield code="b">000025797046</subfield></datafield><datafield ind1=" " ind2=" " tag="042"><subfield code="a">msc</subfield></datafield><datafield ind1=" " ind2=" " tag="043"><subfield code="a">n-us-ma</subfield></datafield><datafield ind1="0" ind2="0" tag="050"><subfield code="a">Newspaper 8160-X</subfield></datafield><datafield ind1="0" ind2="0" tag="245"><subfield code="a">Union gazette and democrat.</subfield></datafield><datafield ind1="1" ind2="3" tag="246"><subfield code="a">Gazette and democrat</subfield><subfield code="f">Dec. 11, 1873-1874</subfield></datafield><datafield ind1=" " ind2=" " tag="260"><subfield code="a">Taunton, Mass. :</subfield><subfield code="b">A.M. Ide, Jr. and J.W.D. Hall,</subfield></datafield><datafield ind1=" " ind2=" " tag="300"><subfield code="a">v. ;</subfield><subfield code="c">64 cm.</subfield></datafield><datafield ind1=" " ind2=" " tag="310"><subfield code="a">Weekly</subfield></datafield><datafield ind1="1" ind2=" " tag="362"><subfield code="a">Vol. 31, no. 1 (Jan. 2, 1862)-v. 43, no. 44 (Oct. 22, 1874).</subfield></datafield><datafield ind1=" " ind2=" " tag="500"><subfield code="a">Publishers: Reed Brothers, &lt;1873&gt;.</subfield></datafield><datafield ind1=" " ind2=" " tag="500"><subfield code="a">"Republican."</subfield></datafield><datafield ind1=" " ind2=" " tag="580"><subfield code="a">Daily ed.: Taunton daily gazette.</subfield></datafield><datafield ind1="1" ind2="0" tag="600"><subfield code="a">King, Thomas Starr,</subfield><subfield code="d">1824-1864.</subfield></datafield><datafield ind1="1" ind2="7" tag="600"><subfield code="a">King, Thomas Starr,</subfield><subfield code="d">1824-1864.</subfield><subfield code="2">fast</subfield><subfield code="0">(OCoLC)fst00170208</subfield></datafield><datafield ind1=" " ind2=" " tag="752"><subfield code="a">United States</subfield><subfield code="b">Massachusetts</subfield><subfield code="c">Bristol</subfield><subfield code="d">Taunton.</subfield></datafield><datafield ind1="1" ind2=" " tag="775"><subfield code="t">Taunton daily gazette</subfield><subfield code="w">(DLC)sn 83020778</subfield></datafield><datafield ind1="0" ind2="0" tag="780"><subfield code="t">Taunton democrat</subfield><subfield code="w">(DLC)sn 83020780</subfield></datafield><datafield ind1="0" ind2="0" tag="785"><subfield code="t">Tauton weekly gazette</subfield><subfield code="w">(DLC)sn 83020779</subfield></datafield><datafield ind1=" " ind2=" " tag="938"><subfield code="a">Kirtas Technologies, Inc.</subfield><subfield code="b">KRTS</subfield><subfield code="n">736750</subfield></datafield></record>